@online{silverbullet,
	author = "Gustaf Nilsson Kotte",
  title = {6 Reasons Isomorphic Web Apps is not the Silver Bullet Youâ€™re Looking For},
  url = {https://blog.jayway.com/2016/05/23/6-reasons-isomorphic-web-apps-not-silver-bullet-youre-looking/}
}
@online{PJAX,
  title = {{PJAX} = pushState + ajax},
  url = {https://github.com/defunkt/jquery-pjax}
}
@online{yesod,
  title = {{Yesod:} Web Framework for Haskell},
  url = {http://www.yesodweb.com/}
}
@online{servant,
  title = {{Servant:} A Type-Level Web DSL},
  url = {https://haskell-servant.github.io/}
}
@online{play,
  title = {{Play:} The High Velocity Web Framework For Java and Scala},
  url = {https://www.playframework.com/}
}
@online{rho,
  title = {{Rho:} A DSL for building HTTP services with http4s},
  url = {https://github.com/http4s/rho}
}
@online{psexpress,
  title = {{purescript-express:} Purescript wrapper around Node.js Express web-framework},
  url = {https://github.com/dancingrobot84/purescript-express}
}
@online{psrest,
  title = {{purescript-rest:} A toolkit for creating REST services with Node and PureScript},
  url = {https://github.com/dicomgrid/purescript-rest}
}
@online{hyper,
  title = {{Hyper:} Type-safe, statically checked composition of HTTP servers},
  url = {https://owickstrom.github.io/hyper/}
}
@online{purescript-proxy,
  title = {{purescript-proxy:} Value proxy for type inputs},
  url = {https://pursuit.purescript.org/packages/purescript-proxy/1.0.0}
}
@online{ring,
  title = {{Ring:} Clojure HTTP server abstraction},
  url = {https://github.com/ring-clojure}
}
@online{hyper-xhr,
  title = {Automatically derived XHR clients for Hyper routing types},
  url = {https://github.com/owickstrom/purescript-hyper-routing-xhr}
}
